<record><leader>00000cas a2200000 a 4500</leader><controlfield tag="001">12157217</controlfield><controlfield tag="008">850614d19121918ksuwr ne      0    0eng d</controlfield><datafield ind1=" " ind2=" " tag="010"><subfield code="a">sn 85030487 </subfield></datafield><datafield ind1=" " ind2=" " tag="040"><subfield code="a">KSH</subfield><subfield code="b">eng</subfield><subfield code="c">KSH</subfield><subfield code="d">NPT</subfield><subfield code="d">OCL</subfield><subfield code="d">OCLCQ</subfield></datafield><datafield ind1=" " ind2=" " tag="042"><subfield code="a">msc</subfield></datafield><datafield ind1="0" ind2="4" tag="245"><subfield code="a">The Dwight signal.</subfield></datafield><datafield ind1=" " ind2=" " tag="260"><subfield code="a">Dwight, Kan. :</subfield><subfield code="b">N.M. Davis,</subfield><subfield code="c">-1918.</subfield></datafield><datafield ind1=" " ind2=" " tag="300"><subfield code="a">v. :</subfield><subfield code="b">ill. ;</subfield><subfield code="c">54 cm.</subfield></datafield><datafield ind1=" " ind2=" " tag="310"><subfield code="a">Weekly</subfield></datafield><datafield ind1="0" ind2=" " tag="362"><subfield code="a">-v. 6, no. 47 (Mar. 28, 1918).</subfield></datafield><datafield ind1="1" ind2=" " tag="362"><subfield code="a">Began in 1912.</subfield><subfield code="z">Cf. Ayer, 1914.</subfield></datafield><datafield ind1=" " ind2=" " tag="500"><subfield code="a">Published by: S.M. Johnson, Nov. 13, 1913-Feb. 25, 1915; M.B. Johnson, Mar. 4, 1915-May 10, 1917; C.H. Johnson, May 17, 1917-</subfield></datafield><datafield ind1=" " ind2=" " tag="588"><subfield code="a">Description based on: Vol. 1, no. 6 (June 13, 1912).</subfield></datafield><datafield ind1=" " ind2=" " tag="752"><subfield code="a">United States</subfield><subfield code="b">Kansas</subfield><subfield code="c">Morris</subfield><subfield code="d">Dwight.</subfield></datafield><datafield ind1="0" ind2="7" tag="785"><subfield code="t">Weekly guard (Council Grove, Kan. : 1916)</subfield><subfield code="w">(DLC)sn 85030452</subfield></datafield><datafield ind1="0" ind2="7" tag="785"><subfield code="t">Weekly guard and Dwight signal</subfield><subfield code="w">(DLC)sn 85030464</subfield></datafield></record>